@MISC{Wikipedia:Typografie,
author = "Wikipedia",
title = "Typografie",
howpublished = {online},
revised = {Poslední změna 26. 1. 2016},
cited = {2016-04-15},
url = {https://cs.wikipedia.org/wiki/Typografie},
}

@MasterThesis{Kriz:Typograficke_moznosti_plakaty,
author = {Kříž, Milan},
title = {Typografické možnosti plakáty},
school = {VUT FAVU v Brně},
address = {Brno},
year = {2004},
}

@MISC{pslib:Typograficka_pravidla,
author = {Pslib},
title = {Typografická pravidla},
howpublished = {online},
revised = {Poslední změna 20. 10. 2015},
cited = {2016-04-16},
url = {http://bit.ly/1T937Re},
}

@BachelorThesis{Stastny:Navrh-internetovych-stranek,
author = {Šťastný, Jakub},
title = {Návrh internetových stránek},
school = {VUT FP v Brně},
address = {Brno},
year = {2008},
}

@MISC{Wikipedia:Latex,
author = {Wikipedia},
title = {LaTeX},
howpublished = {online},
revised = {Poslední změna 13. 4. 2016},
cited = {2016-04-15},
url = {https://cs.wikipedia.org/wiki/LaTeX},
}

@Book{Rybicka:Latex-pro-zacatecniky,
author = {Rybička, Jiří},
title = {LaTeX pro začátečníky},
publisher = {Konvoj},
year = {2003},
edition = {3},
address = {Brno},
isbn = {80--7302--049--1},
}

@Book{Mittelbach:The-Latex-Companion,
author = {Mittelbach, Frank L. and Goossens, Michel},
title = {The Latex Companion},
publisher = {Addison--Wesley},
year = {2004},
edition = {2},
address = {Boston},
isbn = {0--201--36299--6},
}

@Article{Gratzer:What-is-new-in-LaTeX,
author = {Grätzer, G.},
title = {What is new in LaTeX? VII. The STIX Math Symbols},
journal = {Notices of the American Mathematical Society},
year = {2015},
number = {6},
pages = {667--669},
issn = {0002--9920},
}

@Article{Choice-Reviews-Online:Fluid-Web-typography,
title = {Fluid Web typography: a guide},
journal = {Choice Reviews},
year = {2010},
number = {9},
pages = {47--4778},
issn = {0009--4978},
}

@Article{Wireless-News:HP-Adds-to-Latex,
title = {HP Adds to Latex Printing Portfolio},
journal = {Wireless News},
address = {Jacksonville},
year = {2011},
}