@MISC{Wikipedia:Apple,
author = "Wikipedia",
title = "Apple Inc.",
howpublished = {online},
revised = {Poslední změna 21. 4. 2016},
cited = {2016-04-29},
url = {https://cs.wikipedia.org/wiki/Apple},
}

@MISC{MacWorld:30moments,
author = "Owen W. Linzmayer",
title = "30 pivotal moments in Apple's history",
howpublished = {online},
revised = {Poslední změna 30. 6. 2006},
cited = {2016-04-29},
url = {http://www.macworld.com/article/
					1050112/macs/30moments.html},
}

@MISC{ShareLaTeX:Beamer,
author = "ShareLaTeX",
title = "Beamer",
howpublished = {online},
cited = {2016-04-29},
url = {https://cs.sharelatex.com/learn/Beamer},
}

@MISC{Tarifomat:Zajimavosti,
author = "Tarifomat",
title = "15 zajímavostí o firmě Apple",
howpublished = {online},
revised = {Poslední změna 22. 7. 2015},
cited = {2016-04-29},
url = {https://tarifomat.cz/blog/
			15-zajimavosti-o-firme-apple/},
}

@Book{Beamer:Guide,
author = {Till Tantau, Joseph Wright and Vedran Miletić},
title = {The beamer class User Guide for version 3.36},
year = {2015},
edition = {2},
howpublished = {online},
url = {http://tug.ctan.org/macros/latex/contrib/beamer/doc/beameruserguide.pdf},
}